<?xml version="1.0" encoding="UTF-8" ?><marc:collection xmlns:marc="http://www.loc.gov/MARC21/slim" xmlns:xsi="http://www.w3.org/2001/XMLSchema-instance" xsi:schemaLocation="http://www.loc.gov/MARC21/slim http://www.loc.gov/standards/marcxml/schema/MARC21slim.xsd">
<marc:record><marc:leader>01450cam a2200385Ii 4500</marc:leader>
<marc:controlfield tag="001">b11933380</marc:controlfield>
<marc:controlfield tag="003">UaCaAUL</marc:controlfield><marc:controlfield tag="005">20191217103039.0</marc:controlfield><marc:controlfield tag="008">890301s1937    ua       b    000 p arao </marc:controlfield><marc:datafield tag="035" ind1=" " ind2=" "><marc:subfield code="a">(OCoLC)23491560</marc:subfield></marc:datafield><marc:datafield tag="040" ind1=" " ind2=" "><marc:subfield code="a">EYM</marc:subfield><marc:subfield code="b">eng</marc:subfield><marc:subfield code="e">rda</marc:subfield><marc:subfield code="c">EYM</marc:subfield><marc:subfield code="d">CGU</marc:subfield><marc:subfield code="d">OCLCG</marc:subfield><marc:subfield code="d">OCLCQ</marc:subfield><marc:subfield code="d">MEAUC</marc:subfield></marc:datafield><marc:datafield tag="049" ind1=" " ind2=" "><marc:subfield code="a">MAIN</marc:subfield></marc:datafield><marc:datafield tag="050" ind1=" " ind2="4"><marc:subfield code="a">PJ7814.Q6</marc:subfield><marc:subfield code="b">A2 1937</marc:subfield></marc:datafield><marc:datafield tag="066" ind1=" " ind2=" "><marc:subfield code="c">(3</marc:subfield></marc:datafield><marc:datafield tag="090" ind1=" " ind2=" "><marc:subfield code="a">PJ7814.Q6</marc:subfield><marc:subfield code="b">A2 1937</marc:subfield></marc:datafield><marc:datafield tag="100" ind1="1" ind2=" "><marc:subfield code="6">880-01</marc:subfield><marc:subfield code="a">ʻAqqād, ʻAbbās Maḥmūd,</marc:subfield><marc:subfield code="d">1889-1964.</marc:subfield></marc:datafield><marc:datafield tag="245" ind1="1" ind2="0"><marc:subfield code="6">880-02</marc:subfield><marc:subfield code="a">ʻĀbir sabīl /</marc:subfield><marc:subfield code="c">ʻAbbās Maḥmūd al-ʻAqqād.</marc:subfield></marc:datafield><marc:datafield tag="264" ind1=" " ind2="1"><marc:subfield code="6">880-03</marc:subfield><marc:subfield code="a">al-Qāhirah :</marc:subfield><marc:subfield code="b">Maktabat al-Nahḍah al-Miṣrīyah,</marc:subfield><marc:subfield code="c">1356, 1937.</marc:subfield></marc:datafield><marc:datafield tag="264" ind1=" " ind2="3"><marc:subfield code="6">880-04</marc:subfield><marc:subfield code="a">al-Qāhirah :</marc:subfield><marc:subfield code="b">Maṭbaʻat Ḥijāzī.</marc:subfield></marc:datafield><marc:datafield tag="300" ind1=" " ind2=" "><marc:subfield code="a">157 pages ;</marc:subfield><marc:subfield code="c">18 cm.</marc:subfield></marc:datafield><marc:datafield tag="336" ind1=" " ind2=" "><marc:subfield code="a">text</marc:subfield><marc:subfield code="b">txt</marc:subfield><marc:subfield code="2">rdacontent.</marc:subfield></marc:datafield><marc:datafield tag="337" ind1=" " ind2=" "><marc:subfield code="a">unmediated</marc:subfield><marc:subfield code="b">n</marc:subfield><marc:subfield code="2">rdamedia.</marc:subfield></marc:datafield><marc:datafield tag="338" ind1=" " ind2=" "><marc:subfield code="a">volume</marc:subfield><marc:subfield code="b">nc</marc:subfield><marc:subfield code="2">rdacarrier.</marc:subfield></marc:datafield><marc:datafield tag="500" ind1=" " ind2=" "><marc:subfield code="a">Poems.</marc:subfield></marc:datafield><marc:datafield tag="500" ind1=" " ind2=" "><marc:subfield code="a">Includes Errata pages.</marc:subfield></marc:datafield><marc:datafield tag="504" ind1=" " ind2=" "><marc:subfield code="a">Includes bibliographical references.</marc:subfield></marc:datafield><marc:datafield tag="650" ind1=" " ind2="0"><marc:subfield code="a">Arabic poetry</marc:subfield><marc:subfield code="y">20th century.</marc:subfield></marc:datafield><marc:datafield tag="880" ind1="1" ind2="0"><marc:subfield code="6">245-02/(3/r</marc:subfield><marc:subfield code="a">عابر سبيل /‪</marc:subfield><marc:subfield code="c">عباس محمود العقاد..</marc:subfield></marc:datafield><marc:datafield tag="880" ind1="1" ind2=" "><marc:subfield code="6">100-01/(3/r</marc:subfield><marc:subfield code="a">عقاد، عباس محمود،،‪</marc:subfield><marc:subfield code="d">1964-1889.</marc:subfield></marc:datafield><marc:datafield tag="880" ind1=" " ind2="1"><marc:subfield code="6">264-03/(3/r</marc:subfield><marc:subfield code="a">القاهرة :‪</marc:subfield><marc:subfield code="b">مكتبة النهضة المصرية،‪</marc:subfield><marc:subfield code="c">1356, 1937.</marc:subfield></marc:datafield><marc:datafield tag="880" ind1=" " ind2="3"><marc:subfield code="6">264-04/(3/r</marc:subfield><marc:subfield code="a">القاهرة :‪</marc:subfield><marc:subfield code="b">مطبعة حجازي..</marc:subfield></marc:datafield><marc:datafield tag="907" ind1=" " ind2=" "><marc:subfield code="a">.b11933380</marc:subfield><marc:subfield code="b">main </marc:subfield></marc:datafield><marc:datafield tag="902" ind1=" " ind2=" "><marc:subfield code="a">191217</marc:subfield></marc:datafield><marc:datafield tag="998" ind1=" " ind2=" "><marc:subfield code="b">1</marc:subfield><marc:subfield code="c">020204</marc:subfield><marc:subfield code="d">m</marc:subfield><marc:subfield code="e">~</marc:subfield><marc:subfield code="f">-</marc:subfield><marc:subfield code="g">0</marc:subfield><marc:subfield code="k">MAH</marc:subfield></marc:datafield><marc:datafield tag="945" ind1=" " ind2=" "><marc:subfield code="l">main </marc:subfield></marc:datafield></marc:record>
</marc:collection>
